@book{rudin1964principles,
  title={{Principles of mathematical analysis}},
  author={Rudin, W.},
  year={1964},
  publisher={McGraw-Hill New York}
}
