@Article{Bekenstein:1998aw,
     author    = "Bekenstein, Jacob D.",
     title     = "{Black holes: Classical properties, thermodynamics, and
                  heuristic  quantization}",
     year      = "1998",
     eprint    = "gr-qc/9808028",
     archivePrefix = "arXiv",
     SLACcitation  = "%%CITATION = GR-QC/9808028;%%"
}
@Article{Bhattacharya:2007ap,
     author    = "Bhattacharya, Sourav and Lahiri, Amitabha",
     title     = "{No hair theorems for positive Lambda}",
     journal   = "Phys. Rev. Lett.",
     volume    = "99",
     year      = "2007",
     pages     = "201101",
     eprint    = "gr-qc/0702006",
     archivePrefix = "arXiv",
     doi       = "10.1103/PhysRevLett.99.201101",
     SLACcitation  = "%%CITATION = GR-QC/0702006;%%"
}
@Article{Carlip:2008rk,
     author    = "Carlip, S.",
     title     = "{Black Hole Entropy and the Problem of Universality}",
     year      = "2008",
     eprint    = "0807.4192",
     archivePrefix = "arXiv",
     primaryClass  =  "gr-qc",
     SLACcitation  = "%%CITATION = 0807.4192;%%"
}
@Article{Carlip:2008wv,
     author    = "Carlip, Steven",
     title     = "{Black Hole Thermodynamics and Statistical Mechanics}",
     journal   = "Lect. Notes Phys.",
     volume    = "769",
     year      = "2009",
     pages     = "89-123",
     eprint    = "0807.4520",
     archivePrefix = "arXiv",
     primaryClass  =  "gr-qc",
     doi       = "10.1007/978-3-540-88460-6_3",
     SLACcitation  = "%%CITATION = 0807.4520;%%"
}
@Article{Chrusciel:1994sn,
     author    = "Chrusciel, Piotr T.",
     title     = "{`No hair' theorems: Folklore, conjectures, results}",
     journal   = "Contemp. Math.",
     volume    = "170",
     year      = "1994",
     pages     = "23-49",
     eprint    = "gr-qc/9402032",
     archivePrefix = "arXiv",
     SLACcitation  = "%%CITATION = GR-QC/9402032;%%"
}
@Article{Heusler:1996ft,
     author    = "Heusler, Markus",
     title     = "{No-hair theorems and black holes with hair}",
     journal   = "Helv. Phys. Acta",
     volume    = "69",
     year      = "1996",
     pages     = "501-528",
     eprint    = "gr-qc/9610019",
     archivePrefix = "arXiv",
     SLACcitation  = "%%CITATION = GR-QC/9610019;%%"
}
@book{poisson2004relativist,
  title={{A Relativist's Toolkit: The Mathematics of Black-Hole Mechanics}},
  author={Eric Poisson},
  year={2004},
  publisher={Cambridge University Press},
  url={http://www.physics.uoguelph.ca/~poisson/research/agr.pdf}
}
@Article{Price:1972pw,
     author    = "Price, Richard H.",
     title     = "{Nonspherical Perturbations of Relativistic Gravitational
                  Collapse. II. Integer-Spin, Zero-Rest-Mass Fields}",
     journal   = "Phys. Rev.",
     volume    = "D5",
     year      = "1972",
     pages     = "2439-2454",
     doi       = "10.1103/PhysRevD.5.2439",
     SLACcitation  = "%%CITATION = PHRVA,D5,2439;%%"
}
@Article{Wald:1993nt,
     author    = "Wald, Robert M.",
     title     = "{Black hole entropy is the Noether charge}",
     journal   = "Phys. Rev.",
     volume    = "D48",
     year      = "1993",
     pages     = "3427-3431",
     eprint    = "gr-qc/9307038",
     archivePrefix = "arXiv",
     doi       = "10.1103/PhysRevD.48.R3427",
     SLACcitation  = "%%CITATION = GR-QC/9307038;%%"
}

