@Article{Wise:2006kg,
     author    = "Wise, D. K.",
     title     = "{p-form electromagnetism on discrete spacetimes}",
     journal   = "Class. Quant. Grav.",
     volume    = "23",
     year      = "2006",
     pages     = "5129-5176",
     doi       = "10.1088/0264-9381/23/17/004",
     url       = {http://math.ucdavis.edu/%7Ederek/pform/pform.pdf},
     SLACcitation  = "%%CITATION = CQGRD,23,5129;%%"
}
@article{gradshteyn2000table,
  title={{Table of Integral}},
  author={Gradshteyn, IS and Ryzhik, IM},
  journal={Series, and Products},
  year={2000}
}
