@article{lang2002algebra,
  title={{Algebra. Revised}},
  author={Lang, S.},
  journal={Graduate Texts in Mathematics},
  volume={211},
  year={2002}
}


