@BOOK{rudinPrinciplesOfMathematicalAnalysis,
author={Walter Rudin},
title={Principles of Mathematical Analysis},
year={1976},
edition={Third Edition},
publisher={McGraw-Hill Science/Engineering/Math}
}

@BOOK{morseVolOne,
author={Philip McCord Morse and Herman Feshbach},
title={Methods of Theoretical Physics Part I},
year={1953},
publisher={McGraw-Hill Science}
}

@BOOK{morseVolTwo,
author={Philip McCord Morse and Herman Feshbach},
title={Methods of Theoretical Physics Part II},
year={1953},
publisher={McGraw-Hill Science}
}

@BOOK{textbook,
author={Gerald B. Folland},
title={Fourier Analysis and its Applications},
year={1992},
publisher={Brooks/Cole Publishing}
}