@Article{Verlinde:2010hp,
     author    = "Verlinde, Erik P.",
     title     = "{On the Origin of Gravity and the Laws of Newton}",
     year      = "2010",
     eprint    = "1001.0785",
     archivePrefix = "arXiv",
     primaryClass  =  "hep-th",
     SLACcitation  = "%%CITATION = 1001.0785;%%"
}
@Misc{baez,
author="John Baez",
title="Entropic Forces",
howpublished="Blog post \url{https://johncarlosbaez.wordpress.com/2012/02/01/entropic-forces/}"
}
@Article{Bekenstein:1973ur,
     author    = "Bekenstein, Jacob D.",
     title     = "{Black holes and entropy}",
     journal   = "Phys. Rev.",
     volume    = "D7",
     year      = "1973",
     pages     = "2333-2346",
     doi       = "10.1103/PhysRevD.7.2333",
     SLACcitation  = "%%CITATION = PHRVA,D7,2333;%%"
}
@Article{PhysRev.184.1305,
  title = {Gravitons as Goldstone Bosons},
  author = {Ohanian, Hans C.},
  journal = {Phys. Rev.},
  volume = {184},
  number = {5},
  pages = {1305--1312},
  numpages = {7},
  year = {1969},
  month = {Aug},
  doi = {10.1103/PhysRev.184.1305},
  publisher = {American Physical Society}
}
@Article{Jenkins:2003hw,
     author    = "Jenkins, Alejandro",
     title     = "{Spontaneous breaking of Lorentz invariance}",
     journal   = "Phys. Rev.",
     volume    = "D69",
     year      = "2004",
     pages     = "105007",
     eprint    = "hep-th/0311127",
     archivePrefix = "arXiv",
     doi       = "10.1103/PhysRevD.69.105007",
     SLACcitation  = "%%CITATION = HEP-TH/0311127;%%"
}
@Article{Moffat:2003mk,
     author    = "Moffat, J. W.",
     title     = "{The graviton as a bound state and the cosmological
                  constant problem}",
     year      = "2003",
     eprint    = "gr-qc/0309125",
     archivePrefix = "arXiv",
     SLACcitation  = "%%CITATION = GR-QC/0309125;%%"
}
@Article{Jenkins:2004yn,
     author    = "Jenkins, Alejandro",
     title     = "{Composite mediators and Lorentz violation}",
     year      = "2004",
     eprint    = "hep-th/0409189",
     archivePrefix = "arXiv",
     SLACcitation  = "%%CITATION = HEP-TH/0409189;%%"
}
