@BOOK{kennethRoss,
author={Kenneth A. Ross},
title={Elementary Analysis: The Theory of Calculus},
publisher={Springer Science and Business Media},
year={2000},
}