@BOOK{hatcher,
author={Allen Hatcher},
title={Algebraic Topology},
publisher={Cambridge University Press},
year={2006}
}