@BOOK{ticciati,
author={R. Ticciati},
title={Quantum Field Theory for Mathematicians},
year={1999},
publisher={Cambridge University Press}
}
@Article{Bohm:1974ie,
     author    = {Bohm, A.},
     title     = {{The Rigged Hilbert Space and Quantum Mechanics}},
     note     = {CPT-205-TEXAS}
}

@Article{Cosgrove:1996gy,
     author    = "Cosgrove, R.",
     title     = "{A Single Particle Interpretation of Relativistic Quantum
                  Mechanics}",
     year      = "1996",
     eprint    = "gr-qc/9602051",
     archivePrefix = "arXiv",
     SLACcitation  = "%%CITATION = GR-QC/9602051;%%"
}

@ARTICLE{delamadrid,
  author = {R. {de la Madrid}},
  title = {The role of the rigged Hilbert space in Quantum Mechanics},
  journal = {EUR.J.PHYS.},
  volume = {26},
  pages = {287},
  eprint={quant-ph/0502053},
  year = {2005}
}
@Article{Gambini:2001pq,
     author    = "Gambini, Rodolfo and Porto, Rafael A.",
     title     = "{Relational Reality in Relativistic Quantum Mechanics}",
     journal   = "Phys. Lett.",
     volume    = "A294",
     year      = "2002",
     pages     = "129-133",
     eprint    = "quant-ph/0105146",
     archivePrefix = "arXiv",
     doi       = "10.1016/S0375-9601(02)00043-9",
     SLACcitation  = "%%CITATION = QUANT-PH/0105146;%%"
}
@Article{Strocchi:2004cb,
     author    = "Strocchi, F.",
     title     = "{Relativistic quantum mechanics and field theory}",
     journal   = "Found. Phys.",
     volume    = "34",
     year      = "2004",
     pages     = "501-527",
     eprint    = "hep-th/0401143",
     archivePrefix = "arXiv",
     doi       = "10.1023/B:FOOP.0000019625.30165.35",
     SLACcitation  = "%%CITATION = HEP-TH/0401143;%%"
}

@Article{Madrid:2004zy,
     author    = "de la Madrid, Rafael",
     title     = "{The rigged Hilbert space of the algebra of the one-
                  dimensional   rectangular barrier potential}",
     journal   = "J. Phys.",
     volume    = "A37",
     year      = "2006",
     pages     = "8129-8157",
     eprint    = "quant-ph/0407195",
     archivePrefix = "arXiv",
     doi       = "10.1088/0305-4470/37/33/011",
     SLACcitation  = "%%CITATION = QUANT-PH/0407195;%%"
}
@book{gelfandgeneralized,
  title={{Generalized functions}},
  volume={4},
  author={Gel-fand, I.M. and Shilov, GE},
  publisher={Academic Press},
  year={1964}
}
@book{maurin,
author={K. Maurin},
title={{Generalized Eigenfunction Expansions and Unitary Representations of Topological Groups}},
publisher={Polish Scientific Publishers},
year={1968}
}
