@book{thaller1992de,
	title={{The Dirac equation}},
	author={Thaller, B.},
	year={1992},
	publisher={Springer-Verlag}
}

@BOOK{griffiths,
	author="David Griffiths",
	title="Introduction to Elementary Particles",
	year="1987",
	publisher="Wiley",
	edition="Second"
}

@BOOK{jackson,
	author = {J. D. Jackson},
	title = {Classical Electrodynamics},
	year = {1998},
	publisher = {Wiley},
	edition = {Third}
}

@book{mandlShaw,
	title = {Quantum Field Theory},
	author={F. Mandl and G. Shaw},
	year = {1993},
	publisher={Wiley and Sons}
}

@book{peskinSchroeder,
	title = {An Introduction to Quantum Field Theory},
	author = {M.E. Peskin and D. V. Schroeder},
	year = {1995},
	publisher = {Westview Press}
}

@Article{Borodulin:1995xd,
	author = "Borodulin, V. I. and Rogalev, R. N. and Slabospitsky, S. R.",
	title = "CORE: COmpendium of RElations: Version 2.1",
	year = "1995",
	eprint = "hep-ph/9507456",
	archivePrefix = "arXiv",
}

@MISC{nyambuya-2007,
	author = {G.~G. Nyambuya},
	title = {Dirac Equation in Curved Spacetime II - Properties of the Equation},
	archivePrefix = "arXiv",
	eprint = "0711.4232",
	primaryClass = "physics",
	year = {2007}
}

@MISC{elton-1998,
	author = {Daniel M. Elton and Dmitri Vassiliev},
	title = {The Dirac equation without spinors},
	eprint = {math-ph/9808010} ,
	year = {1998}
}

@Article{DeLeo:1999yd,
     author    = "De Leo, Stefano and Rodrigues, Waldyr A. , Jr. and Vaz,
                  Jayme, Jr.",
     title     = "{Complex Geometry and Dirac Equation}",
     journal   = "Int. J. Theor. Phys.",
     volume    = "37",
     year      = "1998",
     pages     = "2479",
     eprint    = "hep-th/9905124",
     archivePrefix = "arXiv",
     SLACcitation  = "%%CITATION = HEP-TH/9905124;%%"
}

@ARTICLE{lanczos-1929-57,
  author = {Cornelius Lanczos},
  title = {On the covariant formulation of Dirac's equation},
  journal = {Z.PHYS.},
  volume = {57},
  pages = {474},
  eprint = {physics/0508012},
  year = {1929}
}

@ARTICLE{pseudodifferentialKG,
     author    = "Laemmerzahl, C.",
     title     = "{The Pseudodifferential operator square root of the Klein-
                  Gordon equation}",
     journal   = "J. Math. Phys.",
     volume    = "34",
     year      = "1993",
     pages     = "3918-3932",
     doi       = "10.1063/1.530015",
}

@Article{Dyson:2006cp,
     author    = "Dyson, Freeman J.",
     title     = "{1951 Lectures on Advanced Quantum Mechanics Second
                  Edition}",
     year      = "2006",
     eprint    = "quant-ph/0608140",
     archivePrefix = "arXiv",
     SLACcitation  = "%%CITATION = QUANT-PH/0608140;%%"
}


