@BOOK{ArtinBk01,
	AUTHOR="M. Artin",
	TITLE="Algebra",
	YEAR="1991",
	PUBLISHER="Prentice-Hall"
}

@BOOK{dummitFoote,
	AUTHOR="D.S. Dummit and R. M. Foote",
	TITLE="Abstract Algebra",
	YEAR="2004",
	PUBLISHER="John Wiley and Sons",
	EDITION="Third"
}
