@book{marsden,
author={Jerrold E. Marsden and Michael J. Hoffman},
title={Basic Complex Analysis},
edition={Third},
publisher={W. H. Freeman},
year={1998}
}