@misc{BaezWeek79,
author={John Baez},
title={This Weeks Finds Week 79},
howpublished={Blog},
url={http://math.ucr.edu/home/baez/week79.html}
}

@Article{Baez:2004pa,
     author    = "Baez, John C.",
     title     = "{Quantum quandaries: A category theoretic perspective}",
     year      = "2004",
     eprint    = "quant-ph/0404040",
     archivePrefix = "arXiv",
     SLACcitation  = "%%CITATION = QUANT-PH/0404040;%%"
}
@Article{baez-2006,
  author = {John C. Baez and Michael Shulman},
  title = {Lectures on n-Categories and Cohomology},
  eprint = {math/0608420},
  archivePrefix = {arXiv},
  year = {2006}
}
@Article{baez-2001-1,
  author = {John C. Baez and James Dolan},
  title = {From Finite Sets to Feynman Diagrams},
  archivePrefix  = {arXiv},
  eprint = {math/0004133},
  year = {2001}
}

@misc{BaezWise:2004ln,
author={John C. Baez and Derek K. Wise},
title={Quantization and Categorification: Properties, Structures, `n' Stuff!},
year={2004},
howpublished={Lecture Notes},
url={http://math.ucr.edu/home/baez/qg-spring2004/}
}
@book{maclane,
author={Saunders Mac\;Lane},
title={Categories for the Working Mathematician},
year={1998},
publisher={Springer}
}
@book{sheavesingeometryandlogic,
author={Saunders Mac\;Lane and Ieke Moerdijk},
title={Sheaves in Geometry and Logic},
year={1991},
publisher={Springer}
}
@book{joyOfCats,
author={Jiri Ad\'{a}mek and Horst Herrlich and George E. Strecker},
title={Abstract and Concrete Categories: The Joy of Cats},
url={http://katmat.math.uni-bremen.de/acc/},
year={2005}
}
@book{lawvere1997cmf,
  title={{Conceptual mathematics: a first introduction to categories}},
  author={Lawvere, FW and Schanuel, S.H.},
  year={1997},
  publisher={Cambridge University Press}
}
@article{gurevich-2007,
  author = {Shamgar Gurevich and Ronny Hadani},
  title = {Notes on quantization of symplectic vector spaces over finite fields},
  archivePrefix={arXiv},
  eprint={0708.0669},
  primaryClass={math},
  year = {2007}
}
@misc{baezCategories,
  author={John Baez},
  title={Categories, Quantization, and Much More},
  howpublished={FUN (mathematical physics section)},
  url={http://math.ucr.edu/home/baez/categories.html},
  year={2006}
}
@ARTICLE{ali-2005-17,
  author = {S.~Twareque Ali and Miroslav Englis},
  title = {Quantization Methods: A Guide for Physicists and Analysts},
  journal = {Rev.Math.Phys.},
  volume = {17},
  pages = {391},
  archivePrefix={arXiv},
  eprint={0405065},
  primaryClass={math-ph},
  year = {2005}
}
@ARTICLE{gotay-1996-6,
  author = {Mark J. Gotay and Hendrik B. Grundling and Gijs M. Tuynman},
  title = {Obstruction Results in Quantization Theory},
  volume = {6},
  pages = {469},
  archivePrefix={arXiv},
  eprint={9605001},
  primaryClass={dg-ga},
  year = {1996}
}
@ARTICLE{alexTopology,
author={Alex Nelson},
title={Notes on Topology},
year={2009}
}
@book{kashiwara2006cas,
  title={{Categories and Sheaves}},
  author={Kashiwara, M. and Schapira, P.},
  year={2006},
  publisher={Springer London}
}
