@Article{Mannheim:1994ph,
     author    = "Mannheim, Philip D.",
     title     = "{Four-dimensional conformal gravity, confinement, and
                  galactic rotation curves}",
     year      = "1994",
     eprint    = "gr-qc/9407010",
     archivePrefix = "arXiv",
     SLACcitation  = "%%CITATION = GR-QC/9407010;%%"
}

@Article{Mannheim:1996jt,
     author    = "Mannheim, Philip D. and Kmetko, Jan",
     title     = "{Linear potentials and galactic rotation curves - detailed
                  fitting}",
     year      = "1996",
     eprint    = "astro-ph/9602094",
     archivePrefix = "arXiv",
     SLACcitation  = "%%CITATION = ASTRO-PH/9602094;%%"
}

@Article{Guth:1980zm,
     author    = "Guth, Alan H.",
     title     = "{The Inflationary Universe: A Possible Solution to the
                  Horizon and Flatness Problems}",
     journal   = "Phys. Rev.",
     volume    = "D23",
     year      = "1981",
     pages     = "347-356",
     doi       = "10.1103/PhysRevD.23.347",
     SLACcitation  = "%%CITATION = PHRVA,D23,347;%%"
}


@Article{Mannheim:2007ki,
     author    = "Mannheim, Philip D.",
     title     = "{Conformal Gravity Challenges String Theory}",
     year      = "2007",
     eprint    = "0707.2283",
     archivePrefix = "arXiv",
     primaryClass  =  "hep-th",
     SLACcitation  = "%%CITATION = 0707.2283;%%"
}

@Article{Edery:2006hg,
     author    = "Edery, A. and Fabbri, Luca and Paranjape, M. B.",
     title     = "{Spontaneous breaking of conformal invariance in theories
                  of conformally  coupled matter and Weyl gravity}",
     journal   = "Class. Quant. Grav.",
     volume    = "23",
     year      = "2006",
     pages     = "6409-6423",
     eprint    = "hep-th/0603131",
     archivePrefix = "arXiv",
     SLACcitation  = "%%CITATION = HEP-TH/0603131;%%"
}

@Article{Mannheim:1992vj,
     author    = "Mannheim, Philip D.",
     title     = "{Linear potentials and galactic rotation curves}",
     journal   = "Astrophys. J.",
     volume    = "419",
     year      = "1993",
     pages     = "150-154",
     eprint    = "hep-ph/9212304",
     archivePrefix = "arXiv",
     doi       = "10.1086/173468",
     SLACcitation  = "%%CITATION = HEP-PH/9212304;%%"
}

@Article{Kazanas:1988qa,
     author    = "Demosthenes Kazanas and Philip D. Mannheim",
     title     = "{General Structure of the Gravitational
                  Equations of Motion in Conformal Weyl Gravity}",
     journal   = "Astrophys. J. Suppl.",
     volume    = "76",
     year      = "1991",
     pages     = "431-453",
     doi       = "10.1086/191573",
     SLACcitation  = "%%CITATION = APJSA,76,431;%%"
}

@Article{Mannheim:1988dj,
     author    = "Mannheim, Philip D. and Kazanas, Demosthenes",
     title     = "{Exact Vacuum Solution to Conformal Weyl
                  Gravity and Galactic Rotation Curves}",
     journal   = "Astrophys. J.",
     volume    = "342",
     year      = "1989",
     pages     = "635-638",
     doi       = "10.1086/167623",
     SLACcitation  = "%%CITATION = ASJOA,342,635;%%"
}


@Article{Woodard:2006nt,
     author    = "Woodard, Richard P.",
     title     = "{Avoiding dark energy with 1/R modifications of gravity}",
     journal   = "Lect. Notes Phys.",
     volume    = "720",
     year      = "2007",
     pages     = "403-433",
     eprint    = "astro-ph/0601672",
     archivePrefix = "arXiv",
     doi       = "10.1007/978-3-540-71013-4_14",
     SLACcitation  = "%%CITATION = ASTRO-PH/0601672;%%"
}

@ARTICLE{adler1982,
   author = {{Adler}, S.~L.},
    title = "{Einstein gravity as a symmetry-breaking effect in quantum field theory}",
  journal = {Reviews of Modern Physics},
     year = 1982,
   volume = 54,
    pages = {729-766},
      doi = {10.1103/RevModPhys.54.729},
url={http://link.aps.org/abstract/RMP/v54/p729},
   adsurl = {http://adsabs.harvard.edu/abs/1982RvMP...54..729A},
  adsnote = {Provided by the SAO/NASA Astrophysics Data System}
}

@Book{peskinSchroeder,
author = "Michael E. Peskin and Daniel V. Schroeder",
title = "An Introduction to Quantum Field Theory",
publisher = "Westview Publisher",
year = "1995"
}

@Book{wen,
author="Xiao-Gang Wen",
title="Quantum Field Theory of Many-Body Systems",
publisher="Oxford Graduate Texts",
year="2008"
}

@Article{Mannheim:1993rs,
     author    = "Mannheim, Philip D.",
     title     = "{Linear potentials and galactic rotation curves:
                  Formalism}",
     year      = "1993",
     eprint    = "astro-ph/9307004",
     archivePrefix = "arXiv",
     SLACcitation  = "%%CITATION = ASTRO-PH/9307004;%%"
}

@ARTICLE{1983AnPhy.151..431Z,
   author = {{Zee}, A.},
    title = "{Einstein gravity emerging from quantum Weyl gravity}",
  journal = {Annals of Physics},
     year = 1983,
   volume = 151,
    pages = {431-443},
      doi = {10.1016/0003-4916(83)90286-5},
url = {http://www.sciencedirect.com/science/article/B6WB1-4DF54GS-24B/2/ed008688cccdcdc295fd25144002d614}
}

@Article{Lanczos:1938sf,
     author    = "Lanczos, Cornelius",
     title     = "{A Remarkable property of the Riemann-Christoffel tensor in
                  four dimensions}",
     journal   = "Annals Math.",
     volume    = "39",
     year      = "1938",
     pages     = "842-850",
     SLACcitation  = "%%CITATION = ANMAA,39,842;%%"
}

@conference{dewitt1964,
author={Bryce De Witt},
booktitle={Relativity, Groups and Topology},
title={Dynamical Theory of Groups and Fields},
year={1964},
editor={Cecile DeWitt and Bryce DeWitt},
pages={587--822}
}

@Article{Mannheim:1999nc,
     author    = "Mannheim, Philip D.",
     title     = "{Cosmic acceleration as the solution to the cosmological
                  constant  problem}",
     journal   = "Astrophys. J.",
     volume    = "561",
     year      = "2001",
     pages     = "1-12",
     eprint    = "astro-ph/9910093",
     archivePrefix = "arXiv",
     doi       = "10.1086/323206",
     SLACcitation  = "%%CITATION = ASTRO-PH/9910093;%%"
}
