@Article{Ticciati:1999qp,
     author    = "Ticciati, R.",
     title     = "{Quantum field theory for mathematicians}",
     note     = "Cambridge, UK: Univ. Pr. (1999) 699 p"
}
