@book{sakurai,
title={Modern Quantum Mechanics},
author={Jun John Sakurai},
year={1994},
edition={Revised},
publisher={Addison-Wesley Publishing Company}
}