@Article{Kuchar:1993ne,
     author    = "Kuchar, Karel V.",
     title     = "{Canonical quantum gravity}",
     year      = "1993",
     eprint    = "gr-qc/9304012",
     archivePrefix = "arXiv",
     SLACcitation  = "%%CITATION = GR-QC/9304012;%%"
}
@Article{Arnowitt:1962hi,
     author    = "Arnowitt, Richard L. and Deser, Stanley and Misner, Charles
                  W.",
     title     = "{The dynamics of general relativity}",
     year      = "1962",
     eprint    = "gr-qc/0405109",
     archivePrefix = "arXiv",
     SLACcitation  = "%%CITATION = GR-QC/0405109;%%"
}
@Article{Kiriushcheva:2008fn,
     author    = "Kiriushcheva, N. and Kuzmin, S. V. and Racknor, C. and
                  Valluri, S. R.",
     title     = "{Diffeomorphism Invariance in the Hamiltonian formulation
                  of General Relativity}",
     journal   = "Phys. Lett.",
     volume    = "A372",
     year      = "2008",
     pages     = "5101",
     eprint    = "0808.2623",
     archivePrefix = "arXiv",
     primaryClass  =  "gr-qc",
     doi       = "10.1016/j.physleta.2008.05.081",
     SLACcitation  = "%%CITATION = 0808.2623;%%"
}
@book{misner1973g,
  title={{Gravitation}},
  author={Charles W. Misner and Kip S. Thorne and John A. Wheeler},
  year={1973},
  publisher={WH Freeman \& Company}
}
@Article{Franke:2007ux,
     author    = "Franke, V. A.",
     title     = "{Different canonical formulations of Einstein's theory of
                  gravity}",
     journal   = "Theor. Math. Phys.",
     volume    = "148",
     year      = "2006",
     pages     = "995-1010",
     eprint    = "0710.4953",
     archivePrefix = "arXiv",
     primaryClass  =  "gr-qc",
     doi       = "10.1007/s11232-006-0096-3",
     SLACcitation  = "%%CITATION = 0710.4953;%%"
}
@Article{Giulini:2006xi,
     author    = "Giulini, Domenico and Kiefer, Claus",
     title     = "{The canonical approach to quantum gravity: General ideas
                  and  geometrodynamics}",
     journal   = "Lect. Notes Phys.",
     volume    = "721",
     year      = "2007",
     pages     = "131-150",
     eprint    = "gr-qc/0611141",
     archivePrefix = "arXiv",
     doi       = "10.1007/978-3-540-71117-9_8",
     SLACcitation  = "%%CITATION = GR-QC/0611141;%%"
}
@Article{Thiemann:2001yy,
     author    = "Thiemann, Thomas",
     title     = "{Introduction to modern canonical quantum general
                  relativity}",
     year      = "2001",
     eprint    = "gr-qc/0110034",
     archivePrefix = "arXiv",
     SLACcitation  = "%%CITATION = GR-QC/0110034;%%"
}
@article{geroch1970dd,
  title={{Domain of dependence}},
  author={Geroch, R.},
  journal={Journal of Mathematical Physics},
  volume={11},
  pages={437},
  year={1970},
  url={http://link.aip.org/link/?JMAPAQ/11/437/1}
}
@Article{Pirant:1952zz,
     author    = "Pirant, F. A. E. and Schild, A. and Skinner, R.",
     title     = "{Quantization of Einstein's Gravitational Field Equations.
                  2}",
     journal   = "Phys. Rev.",
     volume    = "87",
     year      = "1952",
     pages     = "452-454",
     doi       = "10.1103/PhysRev.87.452",
     SLACcitation  = "%%CITATION = PHRVA,87,452;%%",
     url= {http://link.aps.org/doi/10.1103/PhysRev.87.452}
}
@Article{Dirac:1958sc,
     author    = "Dirac, Paul A. M.",
     title     = "{The Theory of gravitation in Hamiltonian form}",
     journal   = "Proc. Roy. Soc. Lond.",
     volume    = "A246",
     year      = "1958",
     pages     = "333-343",
     SLACcitation  = "%%CITATION = PRSLA,A246,333;%%"
}

