@BOOK{islam,
author={Jamal Nazrul Islam},
title={Rotating Fields in General Relativity},
year={1985},
publisher={Cambridge University Press}
}