@book{fhs,
author={Rusty Russell and Daniel Quinlan and Christopher Yeoh},
title={Filesystem Hierarchy Standard},
publisher={Filesystem Hierarchy Standard Group},
year={2004},
url={http://www.pathname.com/fhs/}
}