@book{cartier2006functional,
  title={{Functional integration: action and symmetries}},
  author={Cartier, P. and DeWitt-Morette, C.},
  year={2006},
  publisher={Cambridge University Press}
}
@Article{DewittMorette:1974ht,
     author    = "Dewitt-Morette, C.",
     title     = "{Feynman path integrals. 1. linear and affine techniques.
                  2. the feynman-green function}",
     journal   = "Commun. Math. Phys.",
     volume    = "37",
     year      = "1974",
     pages     = "63-81",
     doi       = "10.1007/BF01646034",
     SLACcitation  = "%%CITATION = CMPHA,37,63;%%"
}
@Article{DeWittMorette:1977eq,
     author    = "DeWitt-Morette, C. and Nelson, B. and Maheshwari, A.",
     title     = "{Path Integration in Phase Space}",
     journal   = "Gen. Rel. Grav.",
     volume    = "8",
     year      = "1977",
     pages     = "581-593",
     doi       = "10.1007/BF00756309",
     SLACcitation  = "%%CITATION = GRGVA,8,581;%%"
}
@Article{DeWittMorette:1979zz,
     author    = "DeWitt-Morette, C. and Maheshwari, A. and Nelson, B.",
     title     = "{Path integration in non-relativistic quantum mechanics}",
     journal   = "Phys. Rept.",
     volume    = "50",
     year      = "1979",
     pages     = "255-372",
     SLACcitation  = "%%CITATION = PRPLC,50,255;%%"
}
@Article{DeWittMorette:1984du,
     author    = "DeWitt-Morette, C. and Zhang, T. R.",
     title     = "{PATH INTEGRALS AND CONSERVATION LAWS}",
     journal   = "Phys. Rev.",
     volume    = "D28",
     year      = "1983",
     pages     = "2503-2516",
     doi       = "10.1103/PhysRevD.28.2503",
     SLACcitation  = "%%CITATION = PHRVA,D28,2503;%%"
}
@Article{DeWitt:2004xz,
     author    = "DeWitt, Bryce and DeWitt-Morette, Cecile",
     title     = "{From the Peierls bracket to the Feynman functional
                  integral}",
     journal   = "Ann. Phys.",
     volume    = "314",
     year      = "2004",
     pages     = "448-463",
     doi       = "10.1016/j.aop.2004.07.005",
     SLACcitation  = "%%CITATION = APNYA,314,448;%%"
}
@Article{Elizalde:1999zy,
     author    = "Elizalde, E.",
     title     = "{On the concept of determinant for the differential
                  operators of quantum  physics}",
     journal   = "JHEP",
     volume    = "07",
     year      = "1999",
     pages     = "015",
     eprint    = "hep-th/9906229",
     archivePrefix = "arXiv",
     SLACcitation  = "%%CITATION = HEP-TH/9906229;%%"
}
@Article{Elizalde:1993ue,
     author    = "Elizalde, E.",
     title     = "{Zeta function regularization in uniquely defined and
                  well}",
     journal   = "J. Phys.",
     volume    = "A27",
     year      = "1994",
     pages     = "L299-L304",
     eprint    = "hep-th/9308028",
     archivePrefix = "arXiv",
     SLACcitation  = "%%CITATION = HEP-TH/9308028;%%"
}
@Article{Faddeev:1967fc,
     author    = "Faddeev, L. D. and Popov, V. N.",
     title     = "{Feynman diagrams for the Yang-Mills field}",
     journal   = "Phys. Lett.",
     volume    = "B25",
     year      = "1967",
     pages     = "29-30",
     doi       = "10.1016/0370-2693(67)90067-6",
     SLACcitation  = "%%CITATION = PHLTA,B25,29;%%"
}
@Article{Kochan:2008,
author = {Dennis Kochan},
title = {Does path integral really need a Lagrangian/Hamiltonian?},
year={2008},
archivePrefix={arXiv},
eprint = {0812.0678},
primaryClass = {quant-ph}
}
@BOOK{Peskin:1995ev,
     author    = "Peskin, Michael Edward and Schroeder, Daniel V.",
     title     = "{An Introduction to quantum field theory}",
     publisher = {Addison-Wesley},
     year = {1995}
}
@BOOK{Ticciati:1999qp,
     author    = "Ticciati, R.",
     title     = "{Quantum field theory for mathematicians}",
     year = {1999},
     pages = {699},
     publisher = {Cambridge University Press}
}
@Article{Wise:2005mp,
     author    = "Wise, Derek K.",
     title     = "{Lattice p-form electromagnetism and chain field theory}",
     year      = "2005",
     eprint    = "gr-qc/0510033",
     archivePrefix = "arXiv",
     SLACcitation  = "%%CITATION = GR-QC/0510033;%%"
}
