@Article{Chaves:2000qe,
     author    = "Chaves, Max",
     title     = "{An introduction to generalized Yang-Mills theories}",
     journal   = "Hadronic J. Suppl.",
     volume    = "17",
     year      = "2002",
     pages     = "3-51",
     eprint    = "hep-th/0102055",
     archivePrefix = "arXiv",
     SLACcitation  = "%%CITATION = HEP-TH/0102055;%%"
}
@Article{Movshev:2004aw,
     author    = "Movshev, M. and Schwarz, Albert S.",
     title     = "{Algebraic structure of Yang-Mills theory}",
     year      = "2004",
     eprint    = "hep-th/0404183",
     archivePrefix = "arXiv",
     SLACcitation  = "%%CITATION = HEP-TH/0404183;%%"
}
@Article{Chan:1995bp,
     author    = "Chan, Hong-Mo and Faridani, J. and Tsou, Sheung Tsun",
     title     = "{A NonAbelian Yang-Mills analog of classical
                  electromagnetic duality}",
     journal   = "Phys. Rev.",
     volume    = "D52",
     year      = "1995",
     pages     = "6134-6156",
     eprint    = "hep-th/9503106",
     archivePrefix = "arXiv",
     doi       = "10.1103/PhysRevD.52.6134",
     SLACcitation  = "%%CITATION = HEP-TH/9503106;%%"
}
@Article{SanchezMonroy:2007qc,
     author    = "Sanchez-Monroy, J. A. and Quimbay, C.",
     title     = "{Classical properties of the non-abelian Yang-Mills
                  theories}",
     year      = "2007",
     eprint    = "hep-ph/0702173",
     archivePrefix = "arXiv",
     SLACcitation  = "%%CITATION = HEP-PH/0702173;%%"
}
@Article{Marchildon:1995ma,
     author    = "Marchildon, Louis",
     title     = "{Lie symmetries of Yang-Mills equations}",
     journal   = "J. Group Theor. Phys.",
     volume    = "3",
     year      = "1995",
     pages     = "115-130",
     eprint    = "math-ph/0307028",
     archivePrefix = "arXiv",
     SLACcitation  = "%%CITATION = MATH-PH/0307028;%%"
}
@Article{Marateck:2007rg,
     author    = "Marateck, Samuel L.",
     title     = "{The Yang-Mills field strength revisited}",
     year      = "2007",
     eprint    = "0712.2623",
     archivePrefix = "arXiv",
     primaryClass  =  "math-ph",
     SLACcitation  = "%%CITATION = 0712.2623;%%"
}
@Article{Pachos:1998mr,
     author    = "Pachos, Jiannis",
     title     = "{Interactions in Abelian and Yang-Mills theories}",
     year      = "1998",
     eprint    = "hep-th/9811249",
     archivePrefix = "arXiv",
     SLACcitation  = "%%CITATION = HEP-TH/9811249;%%"
}
@Article{Hasenfratz:1992jv,
     author    = "Hasenfratz, Anna and Hasenfratz, Peter",
     title     = "{The Equivalence of the SU(N) Yang-Mills theory with a
                  purely fermionic model}",
     journal   = "Phys. Lett.",
     volume    = "B297",
     year      = "1992",
     pages     = "166-170",
     eprint    = "hep-lat/9207017",
     archivePrefix = "arXiv",
     doi       = "10.1016/0370-2693(92)91086-O",
     SLACcitation  = "%%CITATION = HEP-LAT/9207017;%%"
}
@Article{Carta:2001vz,
     author    = "Carta, P. and Mauro, D.",
     title     = "{Functional approach to classical Yang-Mills theories}",
     journal   = "Nucl. Phys. Proc. Suppl.",
     volume    = "104",
     year      = "2002",
     pages     = "247-250",
     eprint    = "hep-th/0107077",
     archivePrefix = "arXiv",
     doi       = "10.1016/S0920-5632(01)01625-5",
     SLACcitation  = "%%CITATION = HEP-TH/0107077;%%"
}
@Article{Biro:1993qc,
     author    = "Biro, T. S. and Gong, C. and Muller, Berndt and Trayanov,
                  A.",
     title     = "{Hamiltonian dynamics of Yang-Mills fields on a lattice}",
     journal   = "Int. J. Mod. Phys.",
     volume    = "C5",
     year      = "1994",
     pages     = "113-149",
     eprint    = "nucl-th/9306002",
     archivePrefix = "arXiv",
     doi       = "10.1142/S0129183194000106",
     SLACcitation  = "%%CITATION = NUCL-TH/9306002;%%"
}
@Article{Schucker:2001aa,
     author    = "Schucker, Thomas",
     title     = "{Forces from Connes' geometry}",
     journal   = "Lect. Notes Phys.",
     volume    = "659",
     year      = "2005",
     pages     = "285-350",
     eprint    = "hep-th/0111236",
     archivePrefix = "arXiv",
     SLACcitation  = "%%CITATION = HEP-TH/0111236;%%"
}
@Article{RevModPhys52661,
  title = {Introduction to the Yang-Mills quantum theory},
  author = {Jackiw, R. },
  journal = {Review of Modern Physics},
  volume = {52},
  number = {4},
  pages = {661--673},
  numpages = {12},
  year = {1980},
  doi = {10.1103/RevModPhys.52.661},
  publisher = {American Physical Society}
}
@article{baez1989scattering,
  title={{Scattering for the Yang-Mills equations}},
  author={Baez, J.C.},
  journal={Transactions of the American Mathematical Society},
  pages={823--832},
  year={1989},
  url = {http://www.jstor.org/stable/2001309},
  volume = {315},
  number = {2},
  publisher={American Mathematical Society}
}
@article{baez1990conserved,
  title={{Conserved quantities for the Yang-Mills equations}},
  author={Baez, J.},
  journal={Adv. Math},
  volume={82},
  pages={126--131},
  year={1990},
  publisher={Citeseer}
}
@Article{Henneaux:1985kr,
     author    = "Henneaux, M.",
     title     = "{Hamiltonian Form of the Path Integral for Theories with a
                  Gauge Freedom}",
     journal   = "Physics Reports",
     volume    = "126",
     year      = "1985",
     pages     = "1-66",
     doi       = "10.1016/0370-1573(85)90103-6",
     SLACcitation  = "%%CITATION = PRPLC,126,1;%%"
}
@Article{Henneaux:1992ig,
     author    = "Henneaux, M. and Teitelboim, C.",
     title     = "{Quantization of gauge systems}",
     note     = "Princeton, USA: Univ. Pr. (1992) 520 p"
}
@Book{penroseRindlerOne,
author={Roger Penrose and Wolfgang Rindler},
title={Spinors and Space-Time: Volume 1, Two-Spinor Calculus and Relativistic Fields},
year={1987},
publisher={Cambridge University Press}
}
@Book{penroseRindlerTwo,
author={Roger Penrose and Wolfgang Rindler},
title={Spinors and Space-Time: Volume 2, Spinor and Twistor Methods in Space-Time Geometry},
year={1988},
publisher={Cambridge University Press}
}

@Book{MisnerThorneWheeler,
author={Charles W. Misner and Kip S. Thorne and John Archibald Wheeler},
title={Gravitation},
publisher={W. H. Freeman and Company},
year={2003}
}
@Misc{hamiltonianFieldTheory,
author={Alex Nelson},
title={Classical Hamiltonian Field Theory},
howpublished={Online \texttt{Notebk}},
url={http://notebk.googlecode.com/files/hamiltonianFieldTheory.pdf},
year={2009},
month={August},
note={Notes on Classical Field Theory}
}
@Misc{notesOnLieAlgebras,
author={Alex Nelson},
title={Notes on Lie Groups and Algebras},
howpublished={Online \texttt{Notebk}},
url={http://notebk.googlecode.com/files/lie.pdf},
year={2008},
month={July},
note={Notes on Lie Algebras}
}
@Misc{constraints,
author={Alex Nelson},
title={Notes on Constraints in Gauge Theory},
howpublished={Online \texttt{Notebk}},
note={Notes on Constrained Systems (To appear!)}
}
